@book{russell2016,
  title={Artificial intelligence: a modern approach},
  author="{Russell, Stuart J. and Norvig, Peter}",
  year={2016},
  publisher={Malaysia; Pearson Education Limited}
}
